<record xmlns="http://www.loc.gov/MARC21/slim" xmlns:xsi="http://www.w3.org/2001/XMLSchema-instance" xsi:schemaLocation="http://www.loc.gov/MARC21/slim http://www.loc.gov/standards/marcxml/schema/MARC21slim.xsd"><leader>00037nz   2200037n  4500</leader><controlfield tag="001">DNB|10240075X</controlfield><controlfield tag="003">DNB</controlfield><controlfield tag="005">20080405190911.0</controlfield><controlfield tag="008">930416n||aznnnabbn           | aaa    |c</controlfield><datafield ind1=" " ind2=" " tag="035"><subfield code="a">(DE-101)10240075X</subfield></datafield><datafield ind1=" " ind2=" " tag="035"><subfield code="a">(DE-588a)10240075X</subfield></datafield><datafield ind1=" " ind2=" " tag="040"><subfield code="a">DE-12</subfield><subfield code="b">ger</subfield><subfield code="c">DE-101</subfield><subfield code="e">rakwb</subfield><subfield code="d">9999</subfield></datafield><datafield ind1=" " ind2=" " tag="079"><subfield code="a">p</subfield><subfield code="q">f</subfield><subfield code="q">p</subfield><subfield code="t">12-PAN</subfield></datafield><datafield ind1="0" ind2=" " tag="100"><subfield code="a">Nilus</subfield><subfield code="c">Epigrammaticus</subfield><subfield code="d">um 400 n. Chr.</subfield></datafield><datafield ind1="0" ind2=" " tag="400"><subfield code="a">Neilus</subfield><subfield code="c">Epigrammaticus</subfield><subfield code="d">um 400 n. Chr.</subfield></datafield><datafield ind1="0" ind2=" " tag="400"><subfield code="a">Neilus</subfield><subfield code="c">Scholasticus</subfield><subfield code="d">um 400 n. Chr.</subfield></datafield><datafield ind1=" " ind2=" " tag="549"><subfield code="w">i</subfield><subfield code="i">Lebensdaten</subfield><subfield code="a">um 400 n. Chr.</subfield></datafield><datafield ind1=" " ind2=" " tag="678"><subfield code="a">AP 1.33; 16.247</subfield></datafield><datafield ind1=" " ind2=" " tag="996"><subfield code="2">PICA|073994014</subfield></datafield><datafield ind1=" " ind2=" " tag="996"><subfield code="2">PICA|073919616</subfield></datafield><datafield ind1=" " ind2=" " tag="996"><subfield code="2">LC|n  84114935</subfield></datafield><datafield ind1=" " ind2=" " tag="996"><subfield code="2">BAV|ADV12030608</subfield></datafield><datafield ind1=" " ind2=" " tag="996"><subfield code="2">PICA|073604968</subfield></datafield><datafield ind1=" " ind2=" " tag="996"><subfield code="2">PICA|143820575</subfield></datafield><datafield ind1=" " ind2=" " tag="996"><subfield code="2">PICA|069245770</subfield></datafield><datafield ind1=" " ind2=" " tag="996"><subfield code="2">NKC|uk2005278082</subfield></datafield><datafield ind1=" " ind2=" " tag="996"><subfield code="2">NLIlat|000099816</subfield></datafield><datafield ind1=" " ind2=" " tag="996"><subfield code="2">LC|nr 93012674</subfield></datafield><datafield ind1=" " ind2=" " tag="996"><subfield code="2">LC|no2002017473</subfield></datafield><datafield ind1=" " ind2=" " tag="996"><subfield code="2">BAV|ADV11036491</subfield></datafield><datafield ind1=" " ind2=" " tag="996"><subfield code="2">BNF|12028022</subfield></datafield><datafield ind1=" " ind2=" " tag="997"><subfield code="a">400 0 circa</subfield><subfield code="9">1</subfield></datafield></record>